@misc{rikanenpyo,
author = {国立天文台},
title = {理科年表プレミアム},
howpublished = {\url{http://www.rikanenpyo.jp.kras1.lib.keio.ac.jp/member/?module=Member&action=Login}},
note = {(Accessed on 04/30/2021)}
}