@inbook{jikken,
  author={慶應義塾大学 物理学科},
  title={物理学実験 2021},
  year={2021},
  pages={151-159}
}

@misc{UVTALKLE20:online,
author = {},
title = {UV TALK LETTER vol.4　検出器 : 株式会社島津製作所},
howpublished = {\url{https://www.an.shimadzu.co.jp/uv/support/lib/uvtalk/uvtalk4/basic.htm}},
month = {},
year = {},
note = {(Accessed on 05/30/2021)}
}