@misc{mado:online,
author = {YKK AP},
title = {窓の開き方イロイロ},
howpublished = {\url{https://www.ykkap.co.jp/consumer/satellite/products/articles/mado_textbook/open/}},
month = {},
year = {},
note = {(Accessed on 07/18/2021)}
}
@misc{utitaosi:online,
author = {TAKASHI SASAKI},
title = {内倒し窓のメリット・デメリットまとめ | homify},
howpublished = {\url{https://www.homify.jp/ideabooks/3267367/%E5%86%85%E5%80%92%E3%81%97%E7%AA%93%E3%81%AE%E3%83%A1%E3%83%AA%E3%83%83%E3%83%88%E3%83%BB%E3%83%87%E3%83%A1%E3%83%AA%E3%83%83%E3%83%88%E3%81%BE%E3%81%A8%E3%82%81}},
month = {2},
year = {2021},
note = {(Accessed on 07/19/2021)}
}

@misc{mizuho_sissiki:online,
author = {みずほ不動産販売},
title = {湿式壁とは|不動産用語集},
howpublished = {\url{https://www.mizuho-re.co.jp/dictionary/print/n/2653}},
month = {1},
year = {2013},
note = {(Accessed on 07/19/2021)}
}

@misc{syaon14:online,
author = {DAIKEN－大建工業},
title = {建築音響・防音製品　遮音シート},
howpublished = {\url{https://www.daiken.jp/sounddesign/lineup/15100200.html}},
month = {},
year = {},
note = {(Accessed on 07/19/2021)}
}

@misc{mag:online,
author = {MAG ISOVER},
title = {断熱性 | グラスウールとは},
howpublished = {\url{https://www.isover.co.jp/products/glasswool/insulation}},
month = {},
year = {},
note = {(Accessed on 07/19/2021)}
}

@misc{2008020675:online,
author = {日本セラミックス協会},
title = {金属製カーテンウォール},
howpublished = {\url{https://www.ceramic.or.jp/museum/contents/pdf/2008_02_06.pdf}},
month = {2},
year = {2008},
note = {(Accessed on 07/19/2021)}
}

@misc{LIXIL70:online,
author = {LIXIL},
title = {フジテレビ本社・ニッポン放送ビル},
howpublished = {\url{https://www.biz-lixil.com/case/all/B160140/}},
month = {},
year = {},
note = {(Accessed on 07/19/2021)}
}

@misc{PC39:online,
author = {高橋カーテンウォール工業},
title = {PCカーテンウォールとは},
howpublished = {\url{https://www.t-cw.co.jp/feature/pc%E3%82%AB%E3%83%BC%E3%83%86%E3%83%B3%E3%82%A6%E3%82%A9%E3%83%BC%E3%83%AB%E3%81%AB%E3%81%A4%E3%81%84%E3%81%A6/}},
month = {},
year = {},
note = {(Accessed on 07/19/2021)}
}

@misc{yuurakutyo59:online,
author = {有楽町.today},
title = {「有楽町マリオン」はどこから名づけられたのか。『マリオン』の歴史と由来},
howpublished = {\url{http://yurakucho.today/enjoy/p5260/}},
month = {3},
year = {2016},
note = {(Accessed on 07/19/2021)}
}

@misc{SR26:online,
author = {株式会社シラヤマ},
title = {SRファスナー},
howpublished = {\url{http://www.shirayama.net/srf.html}},
month = {},
year = {},
note = {(Accessed on 07/19/2021)}
}