@book{kawakatu,
title = {地球ダイナミクスとトモグラフィー （地球科学の新展開）},
author = {川勝, 均},
publisher = {朝倉書店},
year = {2002},
pages = {155},
series = {地球科学の新展開},
url = {https://elib.maruzen.co.jp/elib/html/BookDetail/Id/3000006564/},
}
