@book{densikairo,
author = {高橋, 進一},
address = {東京},
isbn = {9784563036836},
keywords = {電子回路},
language = {jpn},
publisher = {培風館},
series = {電気・電子・情報工学系テキストシリーズ ; 3},
title = {電子回路},
year = {2002},
}

@misc{ICL7611,
author = {ルネサスエレクトロニクス},
title = {ICL7612 Datasheet},
howpublished = {\url{https://akizukidenshi.com/download/ds/renesas/icl7611-12.pdf}},
note = {(Accessed on 06/14/2021)}
}

@misc{akiduki,
author = {秋月電子通商},
title = {オペアンプ　ICL7611},
howpublished = {\url{https://akizukidenshi.com/catalog/g/gI-00286/}},
note = {(Accessed on 06/14/2021)}
}