@misc{tekkotuQA28:online,
author = {一般社団法人 建築鉄骨構造技術支援協会},
title = {鉄骨Q\&A},
howpublished = {\url{http://www.sasst.jp/qa/q2/q2-1.html}},
note = {(Accessed on 06/06/2021)}
}
@misc{Hgatakou:online,
author = {川崎製鋼},
title = {3D H形鋼の製造法},
howpublished = {\url{http://www.jfe-21st-cf.or.jp/jpn/chapter_3/3d_1.html}},
note = {(Accessed on 06/06/2021)}
}
@inbook{alma990015457520204034,
address = {東京},
edition = {第5版},
isbn = {9784870710016},
keywords = {建築構造},
publisher = {市ヶ谷出版社},
title = {建築構法},
year = {2007},
pages = {71, 93, 138},
}
@misc{daijin,
author = {奈良の木},
title = {大臣認定の耐力壁},
howpublished = {\url{http://naranoki.net/web/science/tairikiheki/}},
note = {(Accessed on 06/07/2021)}
}
@misc{gouhan,
title = {構造用合板とコンパネの違いについて解説},
howpublished = {\url{https://tomatokogyo.com/nikki/archives/%E6%A7%8B%E9%80%A0%E7%94%A8%E5%90%88%E6%9D%BF%E3%81%A8%E3%82%B3%E3%83%B3%E3%83%91%E3%83%8D%E3%81%AE%E9%81%95%E3%81%84%E3%81%AB%E3%81%A4%E3%81%84%E3%81%A6%E8%A7%A3%E8%AA%AC%E3%81%97%E3%81%BE%E3%81%97.html}},
note = {(Accessed on 06/07/2021)}
}
@misc{kuginich38:online,
author = {日本合板工業組合連合会},
title = {kugi\_nichigoren\_180530.pdf},
howpublished = {\url{https://www.jpma.jp/pdf/kugi_nichigoren_180530.pdf}},
note = {(Accessed on 06/07/2021)}
}
@misc{tekkotu:online,
author = {トーヨーカネツビルテック},
title = {鉄骨ブレース工法とは},
howpublished = {\url{http://www.web-tkb.com/building/construction/brace.html}},
note = {(Accessed on 06/07/2021)}
}
@misc{pc:online,
author = {一般社団法人 プレストレスト・コンクリート建設業協会},
title = {プレストレストコンクリートとは},
howpublished = {\url{https://www.pcken.or.jp/pubinfo/pcinfo/}},
note = {(Accessed on 06/07/2021)}
}
@misc{konnatokoro:online,
author = {一般社団法人 プレストレストコンクリート建設業協会},
title = {こんなところにPCが！},
howpublished = {\url{https://www.pcken.or.jp/pcpress/special/}},
note = {(Accessed on 06/07/2021)}
}