@misc{Periodic52:online,
title = {Periodic Table of Elements.csv},
howpublished = {\url{https://gist.github.com/GoodmanSciences/c2dd862cd38f21b0ad36b8f96b4bf1ee}},
note = {(Accessed on 05/25/2021)}
}

@misc{Bitap:online,
author = {Weblio辞書},
title = {Bitapアルゴリズム - Bitapアルゴリズムの概要 - Weblio辞書},
howpublished = {\url{https://www.weblio.jp/wkpja/content/Bitap%E3%82%A2%E3%83%AB%E3%82%B4%E3%83%AA%E3%82%BA%E3%83%A0_Bitap%E3%82%A2%E3%83%AB%E3%82%B4%E3%83%AA%E3%82%BA%E3%83%A0%E3%81%AE%E6%A6%82%E8%A6%81}},
month = {09},
year = {2020},
note = {(Accessed on 05/26/2021)}
}
@misc{AhoCoras40:online,
title = {Aho Corasick 法 - naoyaのはてなダイアリー},
howpublished = {\url{https://naoya-2.hatenadiary.org/entry/20090405/aho_corasick}},
month = {04},
year = {2009},
note = {(Accessed on 05/27/2021)}
}
@misc{PI10058:online,
title = {円周率(PI) 100万(1,000,000)桁 - TSテクノロジー},
howpublished = {\url{https://www.tstcl.jp/ja/randd/pi.php}},
note = {(Accessed on 05/27/2021)}
}