@misc{ransu,
author = {近江崇宏},
title = {C言語による乱数生成},
howpublished = {\url{https://omitakahiro.github.io/random/random_variables_generation.html#Prepare_rand}},
note = {(Accessed on 07/30/2021)}
}