@misc{rikanenpyo-aurora:online,
author = {国立天文台},
title = {理科年表プレミアム - オーロラ(極光)},
howpublished = {\url{http://www.rikanenpyo.jp.kras1.lib.keio.ac.jp/member/?module=Member&action=Hilight&page=4_cGEx31x1750_2021_1&p=Hilight%26page%3D4_cGEx31x1750_2021_1%3Asa#keyword}},
year = {2021},
note = {(Accessed on 05/31/2021)}
}