@inbook{alma990008542450204034,
author = {近角聡信},
address = {東京},
isbn = {9784785323042},
publisher = {裳華房},
series = {物理学選書},
title = {強磁性体の物理},
year = {1978 - 1984},
pages = {118 - 127},
}

@misc{rikanenpyo,
author = {国立天文台},
title = {理科年表プレミアム},
howpublished = {\url{http://www.rikanenpyo.jp.kras1.lib.keio.ac.jp/member/?module=Member&action=Login}},
note = {(Accessed on 04/30/2021)}
}