@misc{utokyo,
author = {小林直樹},
title = {計算機ソフトウェア工学},
howpublished = {\url{http://www.kb.is.s.u-tokyo.ac.jp/~koba/class/ComputationTheory/lambda.pdf}},
note = {(Accessed on 09/01/2021)}
}
@misc{jugyo3,
author = {相場亮},
title = {計算モデル論2},
howpublished = {distributed in class}
}