@inbook{kittel,
title = "固体物理学入門",
year = "2005",
edition = "第8版",
author = "Charles Kittel 宇野良清 新関駒二郎 山下次郎 津屋昇 森田章",
pages = "279",
}